<?xml version="1.0" encoding="UTF-8"?><collection xmlns="http://www.loc.gov/MARC21/slim"><record><leader>00446nam--2200169-i-4500</leader><controlfield tag="001">000009440</controlfield><controlfield tag="002">20161230</controlfield><controlfield tag="005">20161230201028</controlfield><controlfield tag="008">060222s1000------------r-----000-0-fre-d</controlfield><datafield ind1=" " ind2=" " tag="041"><subfield code="a">fre</subfield></datafield><datafield ind1=" " ind2=" " tag="080"><subfield code="a">535.853</subfield></datafield><datafield ind1="1" ind2=" " tag="100"><subfield code="a">Bousquet, P</subfield></datafield><datafield ind1="1" ind2="0" tag="245"><subfield code="a">Spectroscopie instrumentale</subfield><subfield code="b">Preface de p. jacquinot</subfield><subfield code="c">P. bousquet</subfield></datafield><datafield ind1=" " ind2=" " tag="260"><subfield code="a">Paris</subfield><subfield code="b">Dunod</subfield><subfield code="c">1969</subfield></datafield><datafield ind1=" " ind2=" " tag="300"><subfield code="a">XIII + 208 P. (CU FIG.)</subfield></datafield><datafield ind1=" " ind2=" " tag="852"><subfield code="a">33728</subfield><subfield code="c">535.33</subfield></datafield><datafield ind1=" " ind2=" " tag="CAT"><subfield code="a">Sys</subfield><subfield code="c">20101206</subfield><subfield code="h">082145</subfield></datafield></record></collection>